@misc{prez1,
  author = {Главаш, Ленка},
  title = {{Увод у теорију узорака -- презентација 1}},
  note = {Математички факултет, Универзитет у Београду, доступно на интернет страници: \url{http://www.matf.bg.ac.rs/p/files/45-prez1_.pdf}}
}

@misc{prez2,
  author = {Главаш, Ленка},
  title = {{Увод у теорију узорака -- презентација 2}},
  note = {Математички факултет, Универзитет у Београду, доступно на интернет страници: \url{http://www.matf.bg.ac.rs/p/files/45-prez2_.pdf}}
}

@misc{prez4,
  author = {Главаш, Ленка},
  title = {{Увод у теорију узорака -- презентација 4}},
  note = {Математички факултет, Универзитет у Београду, доступно на интернет страници: \url{http://www.matf.bg.ac.rs/p/files/45-prez4_.pdf}}
}

@misc{prez5,
  author = {Главаш, Ленка},
  title = {{Увод у теорију узорака -- презентација 5}},
  note = {Математички факултет, Универзитет у Београду, доступно на интернет страници: \url{http://www.matf.bg.ac.rs/p/files/45-prez5_.pdf}}
}

@misc{prez6,
  author = {Главаш, Ленка},
  title = {{Увод у теорију узорака -- презентација 6}},
  note = {Математички факултет, Универзитет у Београду, доступно на интернет страници: \url{http://www.matf.bg.ac.rs/p/files/45-prez6_.pdf}}
}

@misc{prez7,
  author = {Главаш, Ленка},
  title = {{Увод у теорију узорака -- презентација 7}},
  note = {Математички факултет, Универзитет у Београду, доступно на интернет страници: \url{http://www.matf.bg.ac.rs/p/files/45-prez7_.pdf}}
}

@misc{prez9,
  author = {Главаш, Ленка},
  title = {{Увод у теорију узорака -- презентација 9}},
  note = {Математички факултет, Универзитет у Београду, доступно на интернет страници: \url{http://www.matf.bg.ac.rs/p/files/45-prez9_v1.pdf}}
}

@misc{prez10,
  author = {Главаш, Ленка},
  title = {{Увод у теорију узорака -- презентација 10}},
  note = {Математички факултет, Универзитет у Београду, доступно на интернет страници: \url{http://www.matf.bg.ac.rs/p/files/45-prez10_.pdf}}
}

@misc{strat,
  author = {Ramadan, Jad and Culp, Mark and Ryan, Ken and Cukic, Bojan},
  title = {{Multi-Stage Stratified Sampling for the Design of Large Scale Biometric Systems}},
  note = {CiTER, West Virginia University, линк: \url{https://www.nist.gov/system/files/documents/2020/09/15/12_wednesday_cukic.pdf}}
}

@misc{mitic,
  author = {Митић, Ненад},
  title = {{Истраживање података 2 -- редукција}},
  note = {Математички факултет, Универзитет у Београду, доступно на: \url{http://poincare.matf.bg.ac.rs/~nenad/ip2/redukcija_podataka.pdf}}
}

@misc{data,
  author = {Slate, David J.},
  title = {{Letter Recognition Data Set}},
  note = {UCI Machine Learning Repository. Irvine, Center for Machine Learning and Intelligent Systems, Bren School of Information and Computer Science, University of California, доступно на интернет страници: \url{http://archive.ics.uci.edu/ml/datasets/Letter+Recognition}}
}

@inproceedings{paper,
  author = {Frey, Peter W. and Slate, David J.},
  title = {{Letter Recognition Using Holland-Style Adaptive Classifiers}},
  note = {Machine Learning, 6. Boston, Kluwer Academic Publishers, 1991, стр. 161-182, доступно на: \url{http://www.cs.uu.nl/docs/vakken/mpr/Frey-Slate.pdf}}
}

@book{lohr,
  title = {{Sampling: Design and Analysis}},
  author = {Lohr, S. L.},
  isbn = {9780495105275},
  lccn = {99211216},
  series = {Advanced (Cengage Learning)},
  year = {2009},
  publisher = {Cengage Learning},
  note = {доступно на адреси: \url{https://drive.uqu.edu.sa/_/maatia/files/Sampling.pdf}}
}

@book{cochran,
  title = {{Sampling Techniques, 3rd Edition.}},
  author = {Cochran, William G.},
  isbn = {0-471-16240-X},
  publisher = {John Wiley},
  year = {1977},
  note = {доступно на адреси: \url{https://renasf.fiocruz.br/sites/renasf.fiocruz.br/files/artigos/COCHRAN\%2C\%20W.\%20Sampling\%20techniques_compressed.pdf}}
}

@misc{doc,
  note = {Документација за IBM SPSS Modeler и коришћене R библиотеке.}
}